% Proofs of asymptotic freedom
% Gross and Wilczek
@article{Gross:1973id,
    author = "Gross, David J. and Wilczek, Frank",
    editor = "Taylor, J. C.",
    title = "{Ultraviolet Behavior of Nonabelian Gauge Theories}",
    doi = "10.1103/PhysRevLett.30.1343",
    journal = "Phys. Rev. Lett.",
    volume = "30",
    pages = "1343--1346",
    year = "1973"
}

% Politzer
@article{Politzer:1973fx,
    author = "Politzer, H. David",
    editor = "Taylor, J. C.",
    title = "{Reliable Perturbative Results for Strong Interactions?}",
    doi = "10.1103/PhysRevLett.30.1346",
    journal = "Phys. Rev. Lett.",
    volume = "30",
    pages = "1346--1349",
    year = "1973"
}

% A hint of renormalization
@article{Delamotte:2002vw,
    author = "Delamotte, Bertrand",
    title = "{A hint of renormalization}",
    eprint = "hep-th/0212049",
    archivePrefix = "arXiv",
    doi = "10.1119/1.1624112",
    journal = "Am. J. Phys.",
    volume = "72",
    pages = "170--184",
    year = "2004"
}

% The parton model
@article{Feynman:1969wa,
    author = "Feynman, R. P.",
    title = "{The behavior of hadron collisions at extreme energies}",
    journal = "Conf. Proc. C",
    volume = "690905",
    pages = "237--258",
    year = "1969"
}

% Why PDFs and alphaS must be extracted simultaneously
@article{Forte:2020pyp,
    author = "Forte, Stefano and Kassabov, Zahari",
    title = "{Why $\alpha _s$ cannot be determined from hadronic processes without simultaneously determining the parton distributions}",
    eprint = "2001.04986",
    archivePrefix = "arXiv",
    primaryClass = "hep-ph",
    reportNumber = "TIF-UNIMI-2020-2, CAVENDISH-HEP-20-01",
    doi = "10.1140/epjc/s10052-020-7748-6",
    journal = "Eur. Phys. J. C",
    volume = "80",
    number = "3",
    pages = "182",
    year = "2020"
}


% Running coupling, review of particle physics
@article{ParticleDataGroup:2022pth,
    author = "Workman, R. L. and others",
    collaboration = "Particle Data Group",
    title = "{Review of Particle Physics}",
    doi = "10.1093/ptep/ptac097",
    journal = "PTEP",
    volume = "2022",
    pages = "083C01",
    year = "2022"
}

%Parton distributions of the proton, example of early functional form
@article{Martin:1994kn,
    author = "Martin, Alan D. and Stirling, W. James and Roberts, R. G.",
    title = "{Parton distributions of the proton}",
    eprint = "hep-ph/9406315",
    archivePrefix = "arXiv",
    reportNumber = "RAL-94-055, DTP-94-34",
    doi = "10.1103/PhysRevD.50.6734",
    journal = "Phys. Rev. D",
    volume = "50",
    pages = "6734--6752",
    year = "1994"
}

% Top project
@article{Kassabov:2023hbm,
    author = "Kassabov, Zahari and Madigan, Maeve and Mantani, Luca and Moore, James and Alvarado, Manuel Morales and Rojo, Juan and Ubiali, Maria",
    title = "{The top quark legacy of the LHC Run II for PDF and SMEFT analyses}",
    eprint = "2303.06159",
    archivePrefix = "arXiv",
    primaryClass = "hep-ph",
    month = "3",
    year = "2023"
}

%NNPDF4.0
@article{NNPDF:2021njg,
    author = "Ball, Richard D. and others",
    collaboration = "NNPDF",
    title = "{The path to proton structure at 1\% accuracy}",
    eprint = "2109.02653",
    archivePrefix = "arXiv",
    primaryClass = "hep-ph",
    reportNumber = "Edinburgh 2021/12, Nikhef-2021-013, TIF-UNIMI-2021-11",
    doi = "10.1140/epjc/s10052-022-10328-7",
    journal = "Eur. Phys. J. C",
    volume = "82",
    number = "5",
    pages = "428",
    year = "2022"
}

%Halzen and Martin, an introductory course in particle physics
@book{Halzen:1984mc,
    author = "Halzen, F. and Martin, Alan D.",
    title = "{QUARKS AND LEPTONS: AN INTRODUCTORY COURSE IN MODERN PARTICLE PHYSICS}",
    isbn = "978-0-471-88741-6",
    year = "1984"
}

%QCD and collider physics
@book{Ellis:1996mzs,
    author = "Ellis, R. Keith and Stirling, W. James and Webber, B. R.",
    title = "{QCD and collider physics}",
    doi = "10.1017/CBO9780511628788",
    isbn = "978-0-511-82328-2, 978-0-521-54589-1",
    publisher = "Cambridge University Press",
    volume = "8",
    month = "2",
    year = "2011"
}

%Renormalisation Collins
@book{Collins:1984xc,
    author = "Collins, John C.",
    title = "{Renormalization}: {An Introduction to Renormalization, The Renormalization Group, and the Operator Product Expansion}",
    doi = "10.1017/CBO9780511622656",
    isbn = "978-0-521-31177-9, 978-0-511-86739-2",
    publisher = "Cambridge University Press",
    address = "Cambridge",
    series = "Cambridge Monographs on Mathematical Physics",
    volume = "26",
    year = "1986"
}
